@book{b1,
    author = {Colin de la Higuera},
    title = {Grammatical Inference, Learning Automata and Grammars},
    publisher = {Cambridge University Press},
    year = 2010,
}


@mastersthesis{fsharp,
    author = {Martijn Sanders},
    title = {The Lsharp Algorithm for Deterministic Finite Automata},
    school = {Radboud University Nijmegen},
    year = 2024
}